<?xml version="1.0" encoding="UTF-8"?><collection xmlns="http://www.loc.gov/MARC21/slim"><record><leader>00512nam--2200181-i-4500</leader><controlfield tag="001">000005780</controlfield><controlfield tag="002">20161230</controlfield><controlfield tag="005">20161230201026</controlfield><controlfield tag="008">060222s1000------------r-----000-0-eng-d</controlfield><datafield ind1=" " ind2=" " tag="040"><subfield code="a">IFIN-HH</subfield></datafield><datafield ind1=" " ind2=" " tag="080"><subfield code="a">519.283:008:65.01</subfield></datafield><datafield ind1="1" ind2=" " tag="100"><subfield code="a">Cabell, R.W</subfield></datafield><datafield ind1="1" ind2="0" tag="245"><subfield code="a">Problems in basic operations research methods for management</subfield><subfield code="c">R.w. cabell, a. phillps</subfield></datafield><datafield ind1=" " ind2=" " tag="260"><subfield code="a">New York</subfield><subfield code="b">John Wiley And Sons,Inc</subfield><subfield code="c">1961</subfield></datafield><datafield ind1=" " ind2=" " tag="300"><subfield code="a">X+110P</subfield></datafield><datafield ind1="1" ind2=" " tag="700"><subfield code="a">Phillps, A</subfield></datafield><datafield ind1=" " ind2=" " tag="852"><subfield code="a">17109</subfield><subfield code="c">519.283</subfield></datafield><datafield ind1=" " ind2=" " tag="CAT"><subfield code="a">Sys</subfield><subfield code="c">20130806</subfield><subfield code="h">165020</subfield></datafield></record></collection>